<?xml version="1.0" encoding="UTF-8"?><record xmlns="http://www.loc.gov/MARC21/slim" xmlns:cinclude="http://apache.org/cocoon/include/1.0" xmlns:zs="http://www.loc.gov/zing/srw/">
  <leader>00424nz  a2200145n  4500</leader>
  <controlfield tag="001">no2004049999</controlfield>
  <controlfield tag="003">DLC</controlfield>
  <controlfield tag="005">20040526053228.0</controlfield>
  <controlfield tag="008">040525n| acannaabn          |n aaa     c</controlfield>
  <datafield tag="010" ind1=" " ind2=" ">
    <subfield code="a">no2004049999</subfield>
  </datafield>
  <datafield tag="035" ind1=" " ind2=" ">
    <subfield code="a">(OCoLC)oca06355267</subfield>
  </datafield>
  <datafield tag="040" ind1=" " ind2=" ">
    <subfield code="a">MsCleD</subfield>
    <subfield code="b">eng</subfield>
    <subfield code="c">MsCleD</subfield>
  </datafield>
  <datafield tag="100" ind1="1" ind2=" ">
    <subfield code="a">Lyons, Ernest,</subfield>
    <subfield code="d">1905-</subfield>
  </datafield>
  <datafield tag="670" ind1=" " ind2=" ">
    <subfield code="a">My Florida, c1969:</subfield>
    <subfield code="b">t.p. (Ernest Lyons)</subfield>
  </datafield>
  <datafield tag="670" ind1=" " ind2=" ">
    <subfield code="a">OCLC, May 25, 2004</subfield>
    <subfield code="b">(hdgs.: Lyons, Ernest, 1905-; Lyons, Ernest)</subfield>
  </datafield>
</record>